@inproceedings{barrelfish,
  title={Embracing diversity in the Barrelfish manycore operating system},
  author={Sch{\"u}pbach, Adrian and Peter, Simon and Baumann, Andrew and Roscoe, Timothy and Barham, Paul and Harris, Tim and Isaacs, Rebecca},
  booktitle={Proceedings of the Workshop on Managed Many-Core Systems},
  volume={27},
  year={2008}
}

@article{sel4,
  title={seL4 reference manual},
  author={Derrin, Philip and Elkaduwe, Dhammika and Elphinstone, Kevin},
  journal={NICTA-National Information and Communications Technology Australia},
  year={2006}
}

@book{scum,
  title={SCUM manifesto},
  author={Solanas, Valerie and Ronell, Avital},
  year={2004},
  publisher={Verso}
}

@online{barrelfishdoc,
	author = {Barerlfish Team},
	title = {Barrelfish Documentation},
	date = {2019-05-25},
	url = {http://www.barrelfish.org/},
}

@online{FAT,
  author = {Microsoft},
  title = {{FAT} Specification},
  year = 2005,
  url = {ihttp://read.pudn.com/downloads77/ebook/294884/FAT32%20Spec%20%28SDA%20Contribution%29.pdf},
  urldate = {2019-05-30}
}
